@misc{YouTubePlaylist,
  author       = {Mustafa Schmidt},
  title        = {Geant4 Tutorial Playlist},
  howpublished = {\url{https://youtube.com/playlist?list=PLLybgCU6QCGWgzNYOV0SKen9vqg4KXeVL}},
}

@misc{GitHubGeant4,
  author       = {Mustafa Schmidt},
  title        = {Geant4 Tutorial},
  howpublished = {\url{https://github.com/MustafaSchmidt/geant4-tutorial/}},
  note         = {GitHub repository},
}

@techreport{PDG2024,
  author       = {Particle Data Group},
  title        = {Passage of Particles Through Matter},
  institution  = {Particle Data Group},
  year         = {2024},
  url          = {https://pdg.lbl.gov/2024/reviews/rpp2024-rev-passage-particles-matter.pdf},
}

@misc{MITOCW2020,
  author       = {MIT OpenCourseWare},
  title        = {Lecture 10-1: Introduction to Nuclear and Particle Physics},
  year         = {2020},
  howpublished = {\url{https://ocw.mit.edu/courses/8-701-introduction-to-nuclear-and-particle-physics-fall-2020/resources/mit8_701f20_lec10-1/}},
}